@misc{carlson2019konigsberg,
    author = {Stephan C. Carlson},
    title = {K{\"o}nigsberg Bridge Problem},
    howpublished = {Encyclop{\ae}dia Britannica},
    year = {2019},
    note = {Available at: \url{https://www.britannica.com/science/Konigsberg-bridge-problem}. Last updated: May 23, 2025}
}

@article{euler1736solutio,
    author = {Leonhard Euler},
    title = {Solutio problematis ad geometriam situs pertinentem},
    journal = {Commentarii academiae scientiarum Petropolitanae},
    volume = {8},
    pages = {128--140},
    year = {1736},
    note = {Available in English translation at: \url{https://scholarlycommons.pacific.edu/euler-works/53/}}
}
